
@inproceedings{li_genre_2011,
	address = {Taipei},
	title = {Genre classification and the invariance of {MFCC} features to key and tempo},
	url = {http://link.springer.com/chapter/10.1007/978-3-642-17832-0_30},
	doi = {10.1007/978-3-642-17832-0_30},
	urldate = {2014-03-30},
	booktitle = {Proceedings of the International Multimedia Modeling Conference ({MMM)}},
	publisher = {Springer},
	author = {Li, Tom {LH} and Chan, Antoni B},
	year = {2011},
	pages = {317{\textendash}327},
	file = {Genre classification and the invariance of MFCC.pdf:H:\Docs\zotero\storage\WS3MDU68\Genre classification and the invariance of MFCC.pdf:application/pdf}
}

@article{temperley_tonal_2007,
	title = {The Tonal Properties of Pitch-Class Sets : Tonal Implication, Tonal Ambiguity, and Tonalness},
	volume = {15},
	journal = {Computing in Musicology},
	author = {Temperley, David},
	year = {2007},
	pages = {24{\textendash}38},
	file = {Temperley - 2007 - The Tonal Properties of Pitch-Class Sets Tonal Implication, Tonal Ambiguity, and Tonalness.pdf:H:\Docs\zotero\storage\KEP8PJEI\Temperley - 2007 - The Tonal Properties of Pitch-Class Sets Tonal Implication, Tonal Ambiguity, and Tonalness.pdf:application/pdf}
}

@inproceedings{fujishima_realtime_1999,
	title = {Realtime Chord Recognition of Musical Sound: a System Using Common Lisp Music},
	booktitle = {Proceedings of the International Computer Music Conference ({ICMC)}},
	author = {Fujishima, Takuya},
	year = {1999},
	file = {first PCP reference__realtime-chord-recognition-of-musical-sound-a-system-using.pdf:H:\Docs\zotero\storage\UQBR6FC7\first PCP reference__realtime-chord-recognition-of-musical-sound-a-system-using.pdf:application/pdf}
}

@book{muller_information_2007,
	address = {Berlin},
	title = {Information Retrieval for Music and Motion},
	isbn = {9783540740476},
	publisher = {Springer},
	author = {M{\"u}ller, Meinard},
	year = {2007},
	file = {Information Retrieval for Music and Motion.pdf:H:\Docs\zotero\storage\H9M3WP5I\Information Retrieval for Music and Motion.pdf:application/pdf}
}

@inproceedings{izmirli_template_2005,
	address = {Barcelona},
	title = {Template based key finding from audio},
	booktitle = {Proceedings of the International Computer Music Conference ({ICMC)}},
	author = {Izmirli, {\"O}zg{\"u}r},
	month = sep,
	year = {2005},
	file = {2005 - Izmirli - Template based key finding from audio.pdf:H:\Docs\zotero\storage\9EFSVZ5H\2005 - Izmirli - Template based key finding from audio.pdf:application/pdf}
}

@book{krumhansl_cognitive_1990,
	address = {New York},
	title = {Cognitive Foundations of Musical Pitch},
	publisher = {Oxford University Press},
	author = {Krumhansl, Carol L},
	year = {1990}
}

@article{chang_libsvm:_2011,
	title = {{LIBSVM:} A Library for Support Vector Machines},
	volume = {2},
	doi = {10.1145/1961189.1961199},
	number = {3},
	journal = {{ACM} Transactions on Intelligent Systems and Technology ({TIST)}},
	author = {Chang, Chih-chung and Lin, Chih-jen},
	year = {2011},
	keywords = {classification, libsvm, optimization, regression, support vector ma-},
	file = {2011 - Chang, Lin - LIBSVM A Library for Support Vector Machines.pdf:H:\Docs\zotero\storage\769SM34Q\2011 - Chang, Lin - LIBSVM A Library for Support Vector Machines.pdf:application/pdf}
}